[
  {
    "id": 5698123378,
    "price": "87802.99000000",
    "qty": "0.00009000",
    "quoteQty": "7.90226910",
    "time": 1766494792798,
    "isBuyerMaker": true,
    "isBestMatch": true
  },
  {
    "id": 5698123379,
    "price": "87802.99000000",
    "qty": "0.00009000",
    "quoteQty": "7.90226910",
    "time": 1766494792798,
    "isBuyerMaker": true,
    "isBestMatch": true
  },
  {
    "id": 5698123380,
    "price": "87802.99000000",
    "qty": "0.00012000",
    "quoteQty": "10.53635880",
    "time": 1766494792798,
    "isBuyerMaker": true,
    "isBestMatch": true
  },
  {
    "id": 5698123381,
    "price": "87802.99000000",
    "qty": "0.00009000",
    "quoteQty": "7.90226910",
    "time": 1766494792798,
    "isBuyerMaker": true,
    "isBestMatch": true
  },
  {
    "id": 5698123382,
    "price": "87802.98000000",
    "qty": "0.00006000",
    "quoteQty": "5.26817880",
    "time": 1766494792815,
    "isBuyerMaker": true,
    "isBestMatch": true
  },
  {
    "id": 5698123383,
    "price": "87802.98000000",
    "qty": "0.00006000",
    "quoteQty": "5.26817880",
    "time": 1766494792815,
    "isBuyerMaker": true,
    "isBestMatch": true
  },
  {
    "id": 5698123384,
    "price": "87802.98000000",
    "qty": "0.00006000",
    "quoteQty": "5.26817880",
    "time": 1766494792815,
    "isBuyerMaker": true,
    "isBestMatch": true
  },
  {
    "id": 5698123385,
    "price": "87802.98000000",
    "qty": "0.00006000",
    "quoteQty": "5.26817880",
    "time": 1766494792815,
    "isBuyerMaker": true,
    "isBestMatch": true
  },
  {
    "id": 5698123386,
    "price": "87802.98000000",
    "qty": "0.00006000",
    "quoteQty": "5.26817880",
    "time": 1766494792815,
    "isBuyerMaker": true,
    "isBestMatch": true
  },
  {
    "id": 5698123387,
    "price": "87802.98000000",
    "qty": "0.00006000",
    "quoteQty": "5.26817880",
    "time": 1766494792815,
    "isBuyerMaker": true,
    "isBestMatch": true
  },
  {
    "id": 5698123388,
    "price": "87802.98000000",
    "qty": "0.00006000",
    "quoteQty": "5.26817880",
    "time": 1766494792815,
    "isBuyerMaker": true,
    "isBestMatch": true
  },
  {
    "id": 5698123389,
    "price": "87802.98000000",
    "qty": "0.00006000",
    "quoteQty": "5.26817880",
    "time": 1766494792815,
    "isBuyerMaker": true,
    "isBestMatch": true
  },
  {
    "id": 5698123390,
    "price": "87802.98000000",
    "qty": "0.00009000",
    "quoteQty": "7.90226820",
    "time": 1766494792815,
    "isBuyerMaker": true,
    "isBestMatch": true
  },
  {
    "id": 5698123391,
    "price": "87802.98000000",
    "qty": "0.00006000",
    "quoteQty": "5.26817880",
    "time": 1766494792815,
    "isBuyerMaker": true,
    "isBestMatch": true
  },
  {
    "id": 5698123392,
    "price": "87802.98000000",
    "qty": "0.00009000",
    "quoteQty": "7.90226820",
    "time": 1766494792815,
    "isBuyerMaker": true,
    "isBestMatch": true
  },
  {
    "id": 5698123393,
    "price": "87802.98000000",
    "qty": "0.00009000",
    "quoteQty": "7.90226820",
    "time": 1766494792815,
    "isBuyerMaker": true,
    "isBestMatch": true
  },
  {
    "id": 5698123394,
    "price": "87802.98000000",
    "qty": "0.00006000",
    "quoteQty": "5.26817880",
    "time": 1766494792815,
    "isBuyerMaker": true,
    "isBestMatch": true
  },
  {
    "id": 5698123395,
    "price": "87802.98000000",
    "qty": "0.00006000",
    "quoteQty": "5.26817880",
    "time": 1766494792815,
    "isBuyerMaker": true,
    "isBestMatch": true
  },
  {
    "id": 5698123396,
    "price": "87802.98000000",
    "qty": "0.00009000",
    "quoteQty": "7.90226820",
    "time": 1766494792815,
    "isBuyerMaker": true,
    "isBestMatch": true
  },
  {
    "id": 5698123397,
    "price": "87802.98000000",
    "qty": "0.00012000",
    "quoteQty": "10.53635760",
    "time": 1766494792815,
    "isBuyerMaker": true,
    "isBestMatch": true
  },
  {
    "id": 5698123398,
    "price": "87802.98000000",
    "qty": "0.00006000",
    "quoteQty": "5.26817880",
    "time": 1766494792815,
    "isBuyerMaker": true,
    "isBestMatch": true
  },
  {
    "id": 5698123399,
    "price": "87802.98000000",
    "qty": "0.00009000",
    "quoteQty": "7.90226820",
    "time": 1766494792815,
    "isBuyerMaker": true,
    "isBestMatch": true
  },
  {
    "id": 5698123400,
    "price": "87802.98000000",
    "qty": "0.00006000",
    "quoteQty": "5.26817880",
    "time": 1766494792815,
    "isBuyerMaker": true,
    "isBestMatch": true
  },
  {
    "id": 5698123401,
    "price": "87802.98000000",
    "qty": "0.00006000",
    "quoteQty": "5.26817880",
    "time": 1766494792815,
    "isBuyerMaker": true,
    "isBestMatch": true
  },
  {
    "id": 5698123402,
    "price": "87802.98000000",
    "qty": "0.00006000",
    "quoteQty": "5.26817880",
    "time": 1766494792815,
    "isBuyerMaker": true,
    "isBestMatch": true
  },
  {
    "id": 5698123403,
    "price": "87802.98000000",
    "qty": "0.00006000",
    "quoteQty": "5.26817880",
    "time": 1766494792815,
    "isBuyerMaker": true,
    "isBestMatch": true
  },
  {
    "id": 5698123404,
    "price": "87802.98000000",
    "qty": "0.00009000",
    "quoteQty": "7.90226820",
    "time": 1766494792815,
    "isBuyerMaker": true,
    "isBestMatch": true
  },
  {
    "id": 5698123405,
    "price": "87802.98000000",
    "qty": "0.00006000",
    "quoteQty": "5.26817880",
    "time": 1766494792815,
    "isBuyerMaker": true,
    "isBestMatch": true
  },
  {
    "id": 5698123406,
    "price": "87802.98000000",
    "qty": "0.00006000",
    "quoteQty": "5.26817880",
    "time": 1766494792815,
    "isBuyerMaker": true,
    "isBestMatch": true
  },
  {
    "id": 5698123407,
    "price": "87802.98000000",
    "qty": "0.00006000",
    "quoteQty": "5.26817880",
    "time": 1766494792815,
    "isBuyerMaker": true,
    "isBestMatch": true
  },
  {
    "id": 5698123408,
    "price": "87802.97000000",
    "qty": "0.00006000",
    "quoteQty": "5.26817820",
    "time": 1766494792815,
    "isBuyerMaker": true,
    "isBestMatch": true
  },
  {
    "id": 5698123409,
    "price": "87802.97000000",
    "qty": "0.00006000",
    "quoteQty": "5.26817820",
    "time": 1766494792815,
    "isBuyerMaker": true,
    "isBestMatch": true
  },
  {
    "id": 5698123410,
    "price": "87802.97000000",
    "qty": "0.00006000",
    "quoteQty": "5.26817820",
    "time": 1766494792815,
    "isBuyerMaker": true,
    "isBestMatch": true
  },
  {
    "id": 5698123411,
    "price": "87802.97000000",
    "qty": "0.00006000",
    "quoteQty": "5.26817820",
    "time": 1766494792815,
    "isBuyerMaker": true,
    "isBestMatch": true
  },
  {
    "id": 5698123412,
    "price": "87802.97000000",
    "qty": "0.00006000",
    "quoteQty": "5.26817820",
    "time": 1766494792815,
    "isBuyerMaker": true,
    "isBestMatch": true
  },
  {
    "id": 5698123413,
    "price": "87802.97000000",
    "qty": "0.00006000",
    "quoteQty": "5.26817820",
    "time": 1766494792815,
    "isBuyerMaker": true,
    "isBestMatch": true
  },
  {
    "id": 5698123414,
    "price": "87802.97000000",
    "qty": "0.00006000",
    "quoteQty": "5.26817820",
    "time": 1766494792815,
    "isBuyerMaker": true,
    "isBestMatch": true
  },
  {
    "id": 5698123415,
    "price": "87802.97000000",
    "qty": "0.00006000",
    "quoteQty": "5.26817820",
    "time": 1766494792815,
    "isBuyerMaker": true,
    "isBestMatch": true
  },
  {
    "id": 5698123416,
    "price": "87802.36000000",
    "qty": "0.00006000",
    "quoteQty": "5.26814160",
    "time": 1766494792815,
    "isBuyerMaker": true,
    "isBestMatch": true
  },
  {
    "id": 5698123417,
    "price": "87802.13000000",
    "qty": "0.00006000",
    "quoteQty": "5.26812780",
    "time": 1766494792815,
    "isBuyerMaker": true,
    "isBestMatch": true
  },
  {
    "id": 5698123418,
    "price": "87802.13000000",
    "qty": "0.00006000",
    "quoteQty": "5.26812780",
    "time": 1766494792815,
    "isBuyerMaker": true,
    "isBestMatch": true
  },
  {
    "id": 5698123419,
    "price": "87802.13000000",
    "qty": "0.00006000",
    "quoteQty": "5.26812780",
    "time": 1766494792815,
    "isBuyerMaker": true,
    "isBestMatch": true
  },
  {
    "id": 5698123420,
    "price": "87802.12000000",
    "qty": "0.00854000",
    "quoteQty": "749.83010480",
    "time": 1766494792815,
    "isBuyerMaker": true,
    "isBestMatch": true
  },
  {
    "id": 5698123421,
    "price": "87802.12000000",
    "qty": "0.00006000",
    "quoteQty": "5.26812720",
    "time": 1766494792815,
    "isBuyerMaker": true,
    "isBestMatch": true
  },
  {
    "id": 5698123422,
    "price": "87802.12000000",
    "qty": "0.00006000",
    "quoteQty": "5.26812720",
    "time": 1766494792815,
    "isBuyerMaker": true,
    "isBestMatch": true
  },
  {
    "id": 5698123423,
    "price": "87802.12000000",
    "qty": "0.00009000",
    "quoteQty": "7.90219080",
    "time": 1766494792815,
    "isBuyerMaker": true,
    "isBestMatch": true
  },
  {
    "id": 5698123424,
    "price": "87802.00000000",
    "qty": "0.00100000",
    "quoteQty": "87.80200000",
    "time": 1766494792815,
    "isBuyerMaker": true,
    "isBestMatch": true
  },
  {
    "id": 5698123425,
    "price": "87802.00000000",
    "qty": "0.00080000",
    "quoteQty": "70.24160000",
    "time": 1766494792815,
    "isBuyerMaker": true,
    "isBestMatch": true
  },
  {
    "id": 5698123426,
    "price": "87802.00000000",
    "qty": "0.00009000",
    "quoteQty": "7.90218000",
    "time": 1766494792815,
    "isBuyerMaker": true,
    "isBestMatch": true
  },
  {
    "id": 5698123427,
    "price": "87801.52000000",
    "qty": "0.00182000",
    "quoteQty": "159.79876640",
    "time": 1766494792815,
    "isBuyerMaker": true,
    "isBestMatch": true
  },
  {
    "id": 5698123428,
    "price": "87801.47000000",
    "qty": "0.00006000",
    "quoteQty": "5.26808820",
    "time": 1766494792815,
    "isBuyerMaker": true,
    "isBestMatch": true
  },
  {
    "id": 5698123429,
    "price": "87801.08000000",
    "qty": "0.00006000",
    "quoteQty": "5.26806480",
    "time": 1766494792815,
    "isBuyerMaker": true,
    "isBestMatch": true
  },
  {
    "id": 5698123430,
    "price": "87801.08000000",
    "qty": "0.00006000",
    "quoteQty": "5.26806480",
    "time": 1766494792815,
    "isBuyerMaker": true,
    "isBestMatch": true
  },
  {
    "id": 5698123431,
    "price": "87801.08000000",
    "qty": "0.00006000",
    "quoteQty": "5.26806480",
    "time": 1766494792815,
    "isBuyerMaker": true,
    "isBestMatch": true
  },
  {
    "id": 5698123432,
    "price": "87801.07000000",
    "qty": "0.01138000",
    "quoteQty": "999.17617660",
    "time": 1766494792815,
    "isBuyerMaker": true,
    "isBestMatch": true
  },
  {
    "id": 5698123433,
    "price": "87801.07000000",
    "qty": "0.00006000",
    "quoteQty": "5.26806420",
    "time": 1766494792815,
    "isBuyerMaker": true,
    "isBestMatch": true
  },
  {
    "id": 5698123434,
    "price": "87801.07000000",
    "qty": "0.00006000",
    "quoteQty": "5.26806420",
    "time": 1766494792815,
    "isBuyerMaker": true,
    "isBestMatch": true
  },
  {
    "id": 5698123435,
    "price": "87800.62000000",
    "qty": "0.00264000",
    "quoteQty": "231.79363680",
    "time": 1766494792815,
    "isBuyerMaker": true,
    "isBestMatch": true
  },
  {
    "id": 5698123436,
    "price": "87800.15000000",
    "qty": "0.00006000",
    "quoteQty": "5.26800900",
    "time": 1766494792815,
    "isBuyerMaker": true,
    "isBestMatch": true
  },
  {
    "id": 5698123437,
    "price": "87800.01000000",
    "qty": "0.00006000",
    "quoteQty": "5.26800060",
    "time": 1766494792815,
    "isBuyerMaker": true,
    "isBestMatch": true
  },
  {
    "id": 5698123438,
    "price": "87800.01000000",
    "qty": "0.00006000",
    "quoteQty": "5.26800060",
    "time": 1766494792815,
    "isBuyerMaker": true,
    "isBestMatch": true
  },
  {
    "id": 5698123439,
    "price": "87800.01000000",
    "qty": "0.00006000",
    "quoteQty": "5.26800060",
    "time": 1766494792815,
    "isBuyerMaker": true,
    "isBestMatch": true
  },
  {
    "id": 5698123440,
    "price": "87800.00000000",
    "qty": "0.00006000",
    "quoteQty": "5.26800000",
    "time": 1766494792815,
    "isBuyerMaker": true,
    "isBestMatch": true
  },
  {
    "id": 5698123441,
    "price": "87800.00000000",
    "qty": "0.00457000",
    "quoteQty": "401.24600000",
    "time": 1766494792815,
    "isBuyerMaker": true,
    "isBestMatch": true
  },
  {
    "id": 5698123442,
    "price": "87800.00000000",
    "qty": "0.01366000",
    "quoteQty": "1199.34800000",
    "time": 1766494792815,
    "isBuyerMaker": true,
    "isBestMatch": true
  },
  {
    "id": 5698123443,
    "price": "87800.00000000",
    "qty": "0.00056000",
    "quoteQty": "49.16800000",
    "time": 1766494792815,
    "isBuyerMaker": true,
    "isBestMatch": true
  },
  {
    "id": 5698123444,
    "price": "87800.00000000",
    "qty": "0.00100000",
    "quoteQty": "87.80000000",
    "time": 1766494792815,
    "isBuyerMaker": true,
    "isBestMatch": true
  },
  {
    "id": 5698123445,
    "price": "87800.00000000",
    "qty": "0.00006000",
    "quoteQty": "5.26800000",
    "time": 1766494792815,
    "isBuyerMaker": true,
    "isBestMatch": true
  },
  {
    "id": 5698123446,
    "price": "87800.00000000",
    "qty": "0.00080000",
    "quoteQty": "70.24000000",
    "time": 1766494792815,
    "isBuyerMaker": true,
    "isBestMatch": true
  },
  {
    "id": 5698123447,
    "price": "87800.00000000",
    "qty": "0.00066000",
    "quoteQty": "57.94800000",
    "time": 1766494792815,
    "isBuyerMaker": true,
    "isBestMatch": true
  },
  {
    "id": 5698123448,
    "price": "87800.00000000",
    "qty": "0.00020000",
    "quoteQty": "17.56000000",
    "time": 1766494792815,
    "isBuyerMaker": true,
    "isBestMatch": true
  },
  {
    "id": 5698123449,
    "price": "87800.00000000",
    "qty": "0.02277000",
    "quoteQty": "1999.20600000",
    "time": 1766494792815,
    "isBuyerMaker": true,
    "isBestMatch": true
  },
  {
    "id": 5698123450,
    "price": "87800.00000000",
    "qty": "0.00011000",
    "quoteQty": "9.65800000",
    "time": 1766494792815,
    "isBuyerMaker": true,
    "isBestMatch": true
  },
  {
    "id": 5698123451,
    "price": "87800.00000000",
    "qty": "0.00006000",
    "quoteQty": "5.26800000",
    "time": 1766494792815,
    "isBuyerMaker": true,
    "isBestMatch": true
  },
  {
    "id": 5698123452,
    "price": "87800.00000000",
    "qty": "0.00009000",
    "quoteQty": "7.90200000",
    "time": 1766494792815,
    "isBuyerMaker": true,
    "isBestMatch": true
  },
  {
    "id": 5698123453,
    "price": "87800.00000000",
    "qty": "0.00006000",
    "quoteQty": "5.26800000",
    "time": 1766494792815,
    "isBuyerMaker": true,
    "isBestMatch": true
  },
  {
    "id": 5698123454,
    "price": "87800.00000000",
    "qty": "0.00006000",
    "quoteQty": "5.26800000",
    "time": 1766494792815,
    "isBuyerMaker": true,
    "isBestMatch": true
  },
  {
    "id": 5698123455,
    "price": "87799.50000000",
    "qty": "0.00007000",
    "quoteQty": "6.14596500",
    "time": 1766494792815,
    "isBuyerMaker": true,
    "isBestMatch": true
  },
  {
    "id": 5698123456,
    "price": "87799.50000000",
    "qty": "0.00006000",
    "quoteQty": "5.26797000",
    "time": 1766494792815,
    "isBuyerMaker": true,
    "isBestMatch": true
  },
  {
    "id": 5698123457,
    "price": "87799.26000000",
    "qty": "0.00006000",
    "quoteQty": "5.26795560",
    "time": 1766494792815,
    "isBuyerMaker": true,
    "isBestMatch": true
  },
  {
    "id": 5698123458,
    "price": "87798.10000000",
    "qty": "0.00006000",
    "quoteQty": "5.26788600",
    "time": 1766494792815,
    "isBuyerMaker": true,
    "isBestMatch": true
  },
  {
    "id": 5698123459,
    "price": "87798.00000000",
    "qty": "0.00080000",
    "quoteQty": "70.23840000",
    "time": 1766494792815,
    "isBuyerMaker": true,
    "isBestMatch": true
  },
  {
    "id": 5698123460,
    "price": "87798.00000000",
    "qty": "0.00100000",
    "quoteQty": "87.79800000",
    "time": 1766494792815,
    "isBuyerMaker": true,
    "isBestMatch": true
  },
  {
    "id": 5698123461,
    "price": "87797.93000000",
    "qty": "0.00009000",
    "quoteQty": "7.90181370",
    "time": 1766494792815,
    "isBuyerMaker": true,
    "isBestMatch": true
  },
  {
    "id": 5698123462,
    "price": "87797.93000000",
    "qty": "0.00009000",
    "quoteQty": "7.90181370",
    "time": 1766494792815,
    "isBuyerMaker": true,
    "isBestMatch": true
  },
  {
    "id": 5698123463,
    "price": "87797.93000000",
    "qty": "0.00009000",
    "quoteQty": "7.90181370",
    "time": 1766494792815,
    "isBuyerMaker": true,
    "isBestMatch": true
  },
  {
    "id": 5698123464,
    "price": "87797.40000000",
    "qty": "0.00300000",
    "quoteQty": "263.39220000",
    "time": 1766494792815,
    "isBuyerMaker": true,
    "isBestMatch": true
  },
  {
    "id": 5698123465,
    "price": "87796.90000000",
    "qty": "0.00006000",
    "quoteQty": "5.26781400",
    "time": 1766494792815,
    "isBuyerMaker": true,
    "isBestMatch": true
  },
  {
    "id": 5698123466,
    "price": "87796.33000000",
    "qty": "0.00012000",
    "quoteQty": "10.53555960",
    "time": 1766494792815,
    "isBuyerMaker": true,
    "isBestMatch": true
  },
  {
    "id": 5698123467,
    "price": "87796.25000000",
    "qty": "0.00114000",
    "quoteQty": "100.08772500",
    "time": 1766494792815,
    "isBuyerMaker": true,
    "isBestMatch": true
  },
  {
    "id": 5698123468,
    "price": "87796.00000000",
    "qty": "0.00080000",
    "quoteQty": "70.23680000",
    "time": 1766494792815,
    "isBuyerMaker": true,
    "isBestMatch": true
  },
  {
    "id": 5698123469,
    "price": "87796.00000000",
    "qty": "0.00100000",
    "quoteQty": "87.79600000",
    "time": 1766494792815,
    "isBuyerMaker": true,
    "isBestMatch": true
  },
  {
    "id": 5698123470,
    "price": "87795.92000000",
    "qty": "0.00007000",
    "quoteQty": "6.14571440",
    "time": 1766494792815,
    "isBuyerMaker": true,
    "isBestMatch": true
  },
  {
    "id": 5698123471,
    "price": "87795.00000000",
    "qty": "0.00006000",
    "quoteQty": "5.26770000",
    "time": 1766494792815,
    "isBuyerMaker": true,
    "isBestMatch": true
  },
  {
    "id": 5698123472,
    "price": "87794.85000000",
    "qty": "0.00006000",
    "quoteQty": "5.26769100",
    "time": 1766494792815,
    "isBuyerMaker": true,
    "isBestMatch": true
  },
  {
    "id": 5698123473,
    "price": "87794.84000000",
    "qty": "0.00031000",
    "quoteQty": "27.21640040",
    "time": 1766494792978,
    "isBuyerMaker": true,
    "isBestMatch": true
  },
  {
    "id": 5698123474,
    "price": "87794.84000000",
    "qty": "0.00129000",
    "quoteQty": "113.25534360",
    "time": 1766494793001,
    "isBuyerMaker": true,
    "isBestMatch": true
  },
  {
    "id": 5698123475,
    "price": "87794.85000000",
    "qty": "0.00010000",
    "quoteQty": "8.77948500",
    "time": 1766494793339,
    "isBuyerMaker": false,
    "isBestMatch": true
  },
  {
    "id": 5698123476,
    "price": "87794.85000000",
    "qty": "0.00018000",
    "quoteQty": "15.80307300",
    "time": 1766494793340,
    "isBuyerMaker": false,
    "isBestMatch": true
  },
  {
    "id": 5698123477,
    "price": "87794.85000000",
    "qty": "0.00029000",
    "quoteQty": "25.46050650",
    "time": 1766494793572,
    "isBuyerMaker": false,
    "isBestMatch": true
  }
]